@online{anleitung,
  author = {TU Dortmund},
  title = {Versuchsanleitung zu Versuch 355},
  url = {http://129.217.224.2/HOMEPAGE/PHYSIKER/BACHELOR/AP/SKRIPT/V355.pdf},
  urldate = {2016-12-12}
}
