@article{matplotlib,
  author = "Hunter, John D.",
  title = "{Matplotlib}: A {2D} Graphics Environment",
  publisher = "IEEE",
  year = "2007",
  journal = "Computing in Science \& Engineering",
  volume = "9",
  number = "3",
  pages = "90--95",
  url = "http://matplotlib.org/",
  version = "1.4.3",
}

@article{numpy,
  author = "Oliphant, Travis E.",
  title = "{NumPy}: {Python} for Scientific Computing",
  publisher = "IEEE",
  year = "2007",
  journal = "Computing in Science \& Engineering",
  volume = "9",
  number = "3",
  pages = "10--20",
  url = "http://www.numpy.org/",
  version = "1.9.2",
}

@software{scipy,
  author = "Jones, Eric and Oliphant, Travis E. and Peterson, Pearu and others",
  title = "{SciPy}: Open source scientific tools for {Python}",
  url = "http://www.scipy.org/",
  version = "0.16.0",
}

@software{uncertainties,
  author = "Lebigot, Eric O.",
  title = "Uncertainties: a Python package for calculations with uncertainties",
  url = "http://pythonhosted.org/uncertainties/",
  version = "2.4.6.1"
}

@article{sklearn,
 title={Scikit-learn: Machine Learning in {P}ython},
 author={Pedregosa, F. and Varoquaux, G. and Gramfort, A. and Michel, V.
         and Thirion, B. and Grisel, O. and Blondel, M. and Prettenhofer, P.
         and Weiss, R. and Dubourg, V. and Vanderplas, J. and Passos, A. and
         Cournapeau, D. and Brucher, M. and Perrot, M. and Duchesnay, E.},
 journal={Journal of Machine Learning Research},
 volume={12},
 pages={2825--2830},
 year={2011}
}

@software{pandas,
  author = "Wes McKinney",
  title = " {Pandas}: A Foundational Python Library for DataAnalysis and Statistics",
  url = "https://pandas.pydata.org/",
  version = "0.23.4"}