@book{alibava,
  author = "Alibavasystems",
  title = "Activity Book for students",
  url = "https://www.alibavasystems.com/images/EASy-exercises/EASY-Exercise-Book.pdf",
  series = "1. Auflage"
}

@manual{anleitung,
author="TU Dortmund - Lehrstuhl f√ºr Experimentelle Physik IV",
title="Lehrstuhlversuch: Vermessung und Untersuchung von Silizium-Streifensensoren",
date="2019-04-15"}

@manual{periodensystem,
url="http://www.periodensystem-online.de/index.php",
date="2019-04-15"}

@article{matplotlib,
  author = "Hunter, John D.",
  title = "{Matplotlib}: A {2D} Graphics Environment",
  publisher = "IEEE",
  year = "2007",
  journal = "Computing in Science \& Engineering",
  volume = "9",
  number = "3",
  pages = "90--95",
  url = "http://matplotlib.org/",
  version = "3.0.2",
}

@article{numpy,
  author = "Oliphant, Travis E.",
  title = "{NumPy}: {Python} for Scientific Computing",
  publisher = "IEEE",
  year = "2007",
  journal = "Computing in Science \& Engineering",
  volume = "9",
  number = "3",
  pages = "10--20",
  url = "http://www.numpy.org/",
  version = "1.15.4",
}

@software{scipy,
  author = "Jones, Eric and Oliphant, Travis E. and Peterson, Pearu and others",
  title = "{SciPy}: Open source scientific tools for {Python}",
  url = "http://www.scipy.org/",
  version = "1.1.0",
}

