@online{anleitung,
  author = {TU Dortmund - Lehrstuhl für Experimentelle Physik V},
  title = {Vermessung von szintillierenden Fasern für das LHCb-Experiment},
  urldate = {2019-05-28}
}

@online{si,
  url = {https://www.korth.de/index.php/material-detailansicht/items/32.html},
  urldate = {2019-07-21}
}