@online{anleitung,
  author = {TU Dortmund - Lehrstuhl für Experimentelle Physik V},
  title = {Das Energiespektrum des Krebsnebels,gemessen mit FACT},
  urldate = {2019-04-29}
}

@article{Anderhub_2013,
	doi = {10.1088/1748-0221/8/06/p06008},
	year = 2013,
	month = {06},
	publisher = {{IOP} Publishing},
	volume = {8},
	number = {06},
	pages = {P06008--P06008},
	author = {H Anderhub and M Backes and A Biland and V Boccone and I Braun and T Bretz and J Bu{\ss} and F Cadoux and V Commichau and L Djambazov and D Dorner and S Einecke and D Eisenacher and A Gendotti and O Grimm and H von Gunten and C Haller and D Hildebrand and U Horisberger and B Huber and K -S Kim and M L Knoetig and J -H Köhne and T Krähenbühl and B Krumm and M Lee and E Lorenz and W Lustermann and E Lyard and K Mannheim and M Meharga and K Meier and T Montaruli and D Neise and F Nessi-Tedaldi and A -K Overkemping and A Paravac and F Pauss and D Renker and W Rhode and M Ribordy and U Röser and J -P Stucki and J Schneider and T Steinbring and F Temme and J Thaele and S Tobler and G Viertel and P Vogler and R Walter and K Warda and Q Weitzel and M Zänglein},
	title = {Design and operation of {FACT} {\textendash} the first G-{APD} Cherenkov telescope},
	journal = {Journal of Instrumentation}
}

@misc{kai_brugge_2018_2386762,
  author       = {Kai Brügge and
                  Maximilian Nöthe and
                  Jens Buß and
                  T. Fabian Temme and
                  Michael Bulinski and
                  Sebastian A. Mueller and
                  Christian Bockermann and
                  Lena Linhoff and
                  Jan Freiwald and
                  Dominik Neise and
                  Dominik Baack and
                  Hendrik Hildebrandt and
                  Katie Gray and
                  Max L. Ahnen and
                  Alexey Egorov and
                  Kai Schenetten and
                  Niklas Wulf},
  title        = {fact-project/fact-tools: v1.1.2},
  month        = dec,
  year         = 2018,
  doi          = {10.5281/zenodo.2386762},
  url          = {https://doi.org/10.5281/zenodo.2386762}
}

@BOOK{1998cmcc.book.....H,
   author = {{Heck}, D. and {Knapp}, J. and {Capdevielle}, J.~N. and {Schatz}, G. and
	{Thouw}, T.},
    title = "{CORSIKA: a Monte Carlo code to simulate extensive air showers.}",
booktitle = {CORSIKA: a Monte Carlo code to simulate extensive air showers., by Heck, D.; Knapp, J.; Capdevielle, J.~N.; Schatz, G.; Thouw, T..~ Forschungszentrum Karlsruhe GmbH, Karlsruhe (Germany)., Feb 1998, V + 90 p., TIB Hannover, D-30167 Hannover (Germany).},
     year = 1998,
    month = feb,
   adsurl = {https://ui.adsabs.harvard.edu/abs/1998cmcc.book.....H},
  adsnote = {Provided by the SAO/NASA Astrophysics Data System}
}
@online{FACTdata,
  title = {FACT Open Data Homepage},
  url = {https://factdata.app.tu-dortmund.de},
  urldate = {2019-05-30}
}

@online{FACTside,
  title = {FACT Homepage},
  url = {https://www.isdc.unige.ch/fact/},
  urldate = {2019-07-10}
}

@online{FACTanalyse,
	author={M.Nöthe und K. Brügge},
  title = {FACT Open Crab Sample Analysis},
  url = {https://github.com/fact-project/open_crab_sample_analysis},
  urldate = {2019-06-15}
}
@article{Aleksic:2014jva,
      author         = "Aleksić, J. and others",
      title          = "{Measurement of the Crab Nebula spectrum over three
                        decades in energy with the MAGIC telescopes}",
      collaboration  = "MAGIC",
      journal        = "JHEA",
      volume         = "5-6",
      year           = "2015",
      pages          = "30-38",
      doi            = "10.1016/j.jheap.2015.01.002",
      eprint         = "1406.6892",
      archivePrefix  = "arXiv",
      primaryClass   = "astro-ph.HE",
      SLACcitation   = "%%CITATION = ARXIV:1406.6892;%%"
}
